<record><leader>00000cas a22000007a 4500</leader><controlfield tag="001">11780774</controlfield><controlfield tag="008">850308d18971963waudn ne      0    0eng d</controlfield><datafield ind1=" " ind2=" " tag="010"><subfield code="a">sn 85033253 </subfield></datafield><datafield ind1=" " ind2=" " tag="040"><subfield code="a">NPU</subfield><subfield code="b">eng</subfield><subfield code="c">NPU</subfield><subfield code="d">DLC</subfield><subfield code="d">SLZ</subfield><subfield code="d">NPH</subfield><subfield code="d">OCLCQ</subfield><subfield code="d">OCLCF</subfield><subfield code="d">OCLCO</subfield></datafield><datafield ind1=" " ind2=" " tag="042"><subfield code="a">msc</subfield></datafield><datafield ind1=" " ind2=" " tag="043"><subfield code="a">n-us-wa</subfield></datafield><datafield ind1="0" ind2="0" tag="050"><subfield code="a">Newspaper 7002</subfield></datafield><datafield ind1="0" ind2="4" tag="245"><subfield code="a">The Everett daily herald.</subfield></datafield><datafield ind1=" " ind2=" " tag="260"><subfield code="a">Everett, Wash. :</subfield><subfield code="b">[s.n.]</subfield></datafield><datafield ind1=" " ind2=" " tag="300"><subfield code="a">v.</subfield></datafield><datafield ind1=" " ind2=" " tag="310"><subfield code="a">Daily (except Sunday)</subfield></datafield><datafield ind1="1" ind2=" " tag="362"><subfield code="a">Began in 1897.</subfield><subfield code="z">Cf. Gregory, W. Amer. newspapers.</subfield></datafield><datafield ind1="0" ind2=" " tag="362"><subfield code="a">-v. 68, no. 53 (Mar. 2, 1963).</subfield></datafield><datafield ind1=" " ind2=" " tag="530"><subfield code="a">Also issued on microfilm from Bell &amp; Howell, Micro Photo Div.; Washington State Library.</subfield></datafield><datafield ind1=" " ind2=" " tag="588"><subfield code="a">Description based on: Vol. 47, no. 87 (Apr. 12, 1945).</subfield></datafield><datafield ind1=" " ind2="0" tag="651"><subfield code="a">Everett (Wash.)</subfield><subfield code="v">Newspapers.</subfield></datafield><datafield ind1=" " ind2="7" tag="655"><subfield code="a">Newspapers.</subfield><subfield code="2">fast</subfield><subfield code="0">(OCoLC)fst01423814</subfield></datafield><datafield ind1=" " ind2="7" tag="651"><subfield code="a">Washington (State)</subfield><subfield code="z">Everett.</subfield><subfield code="2">fast</subfield><subfield code="0">(OCoLC)fst01213637</subfield></datafield><datafield ind1=" " ind2=" " tag="752"><subfield code="a">United States</subfield><subfield code="b">Washington</subfield><subfield code="c">Snohomish</subfield><subfield code="d">Everett.</subfield></datafield><datafield ind1="0" ind2="4" tag="780"><subfield code="t">Independent (Everett, Wash.)</subfield></datafield><datafield ind1="0" ind2="4" tag="780"><subfield code="t">Everett herald (Everett, Wash. : 1891)</subfield><subfield code="w">(DLC)sn 88085284</subfield></datafield><datafield ind1="0" ind2="0" tag="785"><subfield code="t">Everett herald (Everett, Wash. : 1963)</subfield><subfield code="w">(DLC)sn 88085285</subfield></datafield></record>